

@article{ma2010cpg,
  title={CPG-based control of serpentine locomotion of a snake-like robot},
  author={Wu, Xiaodong and Ma, Shugen},
  journal={Mechatronics},
  volume={20},
  number={2},
  pages={326--334},
  year={2010},
  publisher={Elsevier}
}

@article{tanaka2015control,
  title={Control of a snake robot for ascending and descending steps},
  author={Tanaka, Motoyasu and Tanaka, Kazuo},
  journal={Robotics, IEEE Transactions on},
  volume={31},
  number={2},
  pages={511--520},
  year={2015},
  publisher={IEEE}
}

@misc{hirosebiologically,
  title={Biologically Inspired Robots: Snake-Like Locomotors and Manipulators,(1993)},
  author={Hirose, S},
  publisher={Oxford University Press}
}

@inproceedings{ACMR3,
  title={Three-dimensional serpentine motion and lateral rolling by active cord mechanism ACM-R3},
  author={Mori, Makoto and Hirose, Shigeo},
  booktitle={Intelligent Robots and Systems, 2002. IEEE/RSJ International Conference on},
  volume={1},
  pages={829--834},
  year={2002},
  organization={IEEE}
}

@article{ACMR5,
  title={Development of amphibious snake-like robot ACM-R5},
  author={Yamada, Hiroya and Chigisaki, S and Mori, M and Takita, K and Ogami, K and Hirose, Shigeo},
  journal={Proc. ISR2005},
  year={2005}
}

@inproceedings{cmusnake2013,
  title={Design and modeling of a series elastic element for snake robots},
  author={Rollinson, David and Ford, Steven and Brown, Ben and Choset, Howie},
  booktitle={ASME 2013 Dynamic Systems and Control Conference},
  pages={V001T08A002--V001T08A002},
  year={2013},
  organization={American Society of Mechanical Engineers}
}

@article{shugen2001analysis,
  title={Analysis of creeping locomotion of a snake-like robot},
  author={Shugen},
  journal={Advanced Robotics},
  volume={15},
  number={2},
  pages={205--224},
  year={2001},
  publisher={Taylor \& Francis}
}

@article{saito2002modeling,
  title={Modeling, analysis, and synthesis of serpentine locomotion with a multilink robotic snake},
  author={Saito, M and Fukaya, M and Iwasaki, T},
  journal={IEEE Control Systems Magazine},
  volume={22},
  number={1},
  pages={64--81},
  year={2002}
}

@inproceedings{inoue2004neural,
  title={Neural oscillator network-based controller for meandering locomotion of snake-like robots},
  author={Inoue, Ken and Ma, Shugen and Jin, Chenghua},
  booktitle={Robotics and Automation, 2004. Proceedings. ICRA'04. 2004 IEEE International Conference on},
  volume={5},
  pages={5064--5069},
  year={2004},
  organization={IEEE}
}

@article{cpgconcept,
  title={Neural basis of rhythmic behavior in animals},
  author={Delcomyn, Fred},
  journal={Science},
  volume={210},
  number={4469},
  pages={492--498},
  year={1980},
  publisher={American Association for the Advancement of Science}
}

@incollection{cpgconcept2,
  title={Neural control of vertebrate locomotion-central mechanisms and reflex interaction with special reference to the cat},
  author={Grillner, Sten},
  booktitle={Feedback and motor control in invertebrates and vertebrates},
  pages={35--56},
  year={1985},
  publisher={Springer}
}

@inproceedings{cpghex,
  title={Multiple chaotic central pattern generators for locomotion generation and leg damage compensation in a hexapod robot},
  author={Ren, Guanjiao and Chen, Weihai and Kolodziejski, Christoph and W{\"o}rg{\"o}tter, Florentin and Dasgupta, Sakyasingha and Manoonpong, Poramate},
  booktitle={Intelligent Robots and Systems (IROS), 2012 IEEE/RSJ International Conference on},
  pages={2756--2761},
  year={2012},
  organization={IEEE}
}

@article{cpgdynamicwalking,
  title={A model of the neuro-musculo-skeletal system for anticipatory adjustment of human locomotion during obstacle avoidance},
  author={Taga, Gentaro},
  journal={Biological Cybernetics},
  volume={78},
  number={1},
  pages={9--17},
  year={1998},
  publisher={Springer}
}

@article{salamander_science,
  title={From swimming to walking with a salamander robot driven by a spinal cord model},
  author={Ijspeert, Auke Jan and Crespi, Alessandro and Ryczko, Dimitri and Cabelguen, Jean-Marie},
  journal={science},
  volume={315},
  number={5817},
  pages={1416--1420},
  year={2007},
  publisher={American Association for the Advancement of Science}
}

@article{SalamanderTransaction,
  title={Online optimization of swimming and crawling in an amphibious snake robot},
  author={Crespi, Alessandro and Ijspeert, Auke Jan},
  journal={Robotics, IEEE Transactions on},
  volume={24},
  number={1},
  pages={75--87},
  year={2008},
  publisher={IEEE}
}

@article{cmu_parameterized_gaits,
  title={Parameterized and scripted gaits for modular snake robots},
  author={Tesch, Matthew and Lipkin, Kevin and Brown, Isaac and Hatton, Ross and Peck, Aaron and Rembisz, Justine and Choset, Howie},
  journal={Advanced Robotics},
  volume={23},
  number={9},
  pages={1131--1158},
  year={2009},
  publisher={Taylor \& Francis}
}

@inproceedings{kinematic_control,
  title={Control of redundant 3D snake robot based on kinematic model},
  author={Matsuno, Fumitoshi and Suenaga, Kentaro},
  booktitle={Robotics and Automation, 2003. Proceedings. ICRA'03. IEEE International Conference on},
  volume={2},
  pages={2061--2066},
  year={2003},
  organization={IEEE}
}

@inproceedings{dynamic_control,
  title={Fast and efficient locomotion of a snake robot based on self-excitation principle},
  author={Ute, Junji and Ono, Kyosuke},
  booktitle={Advanced Motion Control, 2002. 7th International Workshop on},
  pages={532--539},
  year={2002},
  organization={IEEE}
}

@article{sidewinding,
  title={Locomotor performance and energetic cost of sidewinding by the snake Crotalus cerastes},
  author={Secor, Stephen M and Jayne, Bruce C and Bennett, Albert F},
  journal={Journal of experimental biology},
  volume={163},
  number={1},
  pages={1--14},
  year={1992},
  publisher={The Company of Biologists Ltd}
}
